@article{Li08,
  author = {Lingxi Li and Christoforos N. Hadjicostis and R. S. Sreenivas},
  title = {Designs of Bisimilar Petri Net Controllers With Fault Tolerance Capabilities},
  journal = {IEEE Transactions on Systems, Man, and Cybernetics, Part A},
  year = {2008},
  volume = {38},
  pages = {207-217},
  number = {1}
}

@inproceedings{Ermagan08,
  author = {Vina Ermagan and Ingolf Kr{\"u}ger and Massimiliano Menarini},
  title = {A Fault Tolerance Approach for Enterprise Applications},
  booktitle = {IEEE SCC},
  year = {2008},
  pages = {63-72}
}

@mastersthesis{Klein15,
	title = {Formalização da Linguagem Guaraná DSL - Uma Abordagem matemática para Especificação Formal da Sintaxe Abstrata Utilizando Notação Z},
	year = {2015},
	author = {Mauri José Klein},
	school = {Universidade Regional do Noroeste do Estado do rio Grande do Sul}
}

@phdthesis{Frantz12,
	title = {Enterprise  Application Integration - An Easy-to-Mantain Model-Driven Engineering Approach},
	year = {2012},
	author = {Rafael Zancan Frantz},
	school = {Universidad de Sevilla}
}

@book{Hohpe04,
  title={Enterprise integration patterns: Designing, building, and deploying messaging solutions},
  author={Hohpe, Gregor and Woolf, Bobby},
  year={2004},
  publisher={Addison-Wesley Professional}
}


